<?xml version="1.0" encoding="UTF-8"?><collection xmlns="http://www.loc.gov/MARC21/slim"><record><leader>00562nam--2200169-i-4500</leader><controlfield tag="001">000033504</controlfield><controlfield tag="002">20161230</controlfield><controlfield tag="005">20161230201039</controlfield><controlfield tag="008">060222s1000------------r-----000-0-eng-d</controlfield><datafield ind1=" " ind2=" " tag="040"><subfield code="a">IFIN-HH</subfield></datafield><datafield ind1=" " ind2=" " tag="080"><subfield code="a">539.126</subfield></datafield><datafield ind1="1" ind2=" " tag="100"><subfield code="a">Meyer, J</subfield></datafield><datafield ind1="1" ind2="0" tag="245"><subfield code="a">Baryonic resonance with s (diferit de) 0</subfield><subfield code="b">The heidelberg international congerence on elementary particles, heidelberg, september 20-27, 1967</subfield><subfield code="c">J. meyer</subfield></datafield><datafield ind1=" " ind2=" " tag="260"><subfield code="a">Saclay</subfield><subfield code="b">Commissariat A L'Energie Atomique</subfield><subfield code="c">1967</subfield></datafield><datafield ind1=" " ind2=" " tag="300"><subfield code="a">39P. + 7 TABELE + 30 FIG</subfield></datafield><datafield ind1=" " ind2=" " tag="852"><subfield code="a">27670</subfield><subfield code="c">539.12</subfield></datafield><datafield ind1=" " ind2=" " tag="CAT"><subfield code="a">Sys</subfield><subfield code="c">20111115</subfield><subfield code="h">150448</subfield></datafield></record></collection>